@book{Cormen2013,
    % author    = "Томас Кормен and Чарльз Эрик Лейзерсон and Рональд Линн Ривест and Клиффорд Штайн",
    author    = "Томас Х Кормен and Чарльз Эрик Лейзерсон and Рональд Линн Ривест",
    title     = "Алгоритмы: построение и анализ",
    edition   = "3",
    address   = "Москва",
    publisher = "ООО ''И. Д. Вильямс''",
    year      = "2013",
    pagetotal = "1328",
    language = "russian",
}

@book{SosninBalakshin2015,
    author    = "Владимир Валерьевич Соснин and Павел Валерьевич Балакшин",
    title     = "Введение в параллельные вычисления: учебно-методическое пособие",
    address   = "Санкт-Петербург",
    publisher = "Университет ИТМО",
    year      = "2015",
    pagetotal = "51",
    language  = "russian",
}

@online{Top500,
    title    = "Top 500 supercomputers list",
    url      = "https://www.top500.org/",
    addendum = "(Дата обращения: 12.02.2023)",
    language = "english",
}

@online{SymmetricMultiprocessingWP,
    % title = "Википедия. Симметричная мультипроцессорность",
    % url = "https://ru.wikipedia.org/wiki/Симметричная_многопроцессорность",
    title    = "Symmetric multiprocessing",
    url      = "https://en.wikipedia.org/wiki/Symmetric_multiprocessing",
    addendum = "(Дата обращения: 12.02.2023)",
    language = "english",
}

@online{MassivelyParallelWP,
    % title = "Википедия. Массово-параллельная архитектура",
    % url = "https://ru.wikipedia.org/wiki/Массово-параллельная_архитектура",
    title    = "Massively parallel",
    url      = "https://en.wikipedia.org/wiki/Massively_parallel",
    addendum = "(Дата обращения: 12.02.2023)",
    language = "english",
}

@online{OpenCLWP,
    % title = "Википедия. OpenCL",
    % url = "https://ru.wikipedia.org/wiki/OpenCL",
    title    = "OpenCL",
    url      = "https://en.wikipedia.org/wiki/OpenCL",
    addendum = "(Дата обращения: 12.02.2023)",
    language = "english",
}

@online{GPUProcessingIntro,
    title    = "Введение в GPU-вычисления - CUDA/OpenCL",
    url      = "http://my-it-notes.com/2013/06/gpu-processing-intro-cuda-opencl/",
    addendum = "(Дата обращения: 12.02.2023)",
    language = "russian",
}

@book{Bastrakov2011,
    author    = "Сергей Иванович Бастраков",
    title     = "Программирование на OpenCL",
    address   = "Нижний Новгород",
    publisher = "ННГУ",
    year      = "2011",
    pagetotal = "64",
    language  = "russian",
    url       = "http://docplayer.ru/37490743-Programmirovanie-na-opencl.html",
    addendum = "(Дата обращения: 01.05.2021)"
}

@online{OpenCLOfficial,
    title    = "OpenCL – официальный сайт",
    url      = "http://www.khronos.org/opencl/",
    addendum = "(Дата обращения: 12.02.2023)",
    language = "russian",
}

@online{GorshkovBastrakov2012,
    author   = "А. В. Горшков and С. И. Бастраков",
    title    = "Параллельное программирование для гетерогенных систем. Обзор OpenCL",
    url      = "http://hpc-education.unn.ru/files/schools/hpc-2012/gpu/L06_Intro_to_OpenCL.pdf",
    addendum = "(Дата обращения: 24.02.2022)",
    language = "russian",
}

@book{KandrotSanders2022,
    author     = "Джейсон Сандерс and Эдвард Кэндрот",
    translator = "А. А. Слинкин",
    editor     = "Д. А. Мовчан",
    title      = "Технология CUDA в примерах. Введение в программирование графических процессоров",
    address    = "Москва",
    publisher  = "ДМК Пресс",
    year       = "2018",
    pagetotal = "232",
    language   = "russian",
}

@book{AntonovMPI2004,
    author    = "Александр Сергеевич Антонов",
    title     = "Параллельное программирование с использованием технологии MPI",
    address   = "Москва",
    publisher = "МГУ",
    year      = "2004",
    pagetotal = "72",
    language  = "russian",
}

@book{AntonovOpenMP2004,
    author    = "Александр Сергеевич Антонов",
    title     = "Параллельное программирование с использованием технологии OpenMP",
    address   = "Москва",
    publisher = "МГУ",
    year      = "2009",
    pagetotal = "728",
    language  = "russian",
}

@online{ParallelComputingWP,
    % title = "Википедия. Параллельные вычисления",
    % url = "https://ru.wikipedia.org/wiki/Параллельные_вычисления",
    title    = "Concurrent computing",
    url      = "https://en.wikipedia.org/wiki/Concurrent_computing",
    addendum = "(Дата обращения: 12.02.2023)",
    language = "english",
}

@online{DistributedComputingWP,
    % title = "Википедия. Распределённые вычисления",
    % url = "https://ru.wikipedia.org/wiki/Распределённые_вычисления",
    title    = "Distributed computing",
    url      = "https://en.wikipedia.org/wiki/Distributed_computing",
    addendum = "(Дата обращения: 12.02.2023)",
    language = "english",
}

@online{CppISO2011,
    title    = "Стандарт языка С++. ISO/IEC 14882:2011",
    url      = "https://www.iso.org/standard/50372.html",
    addendum = "(Дата обращения: 12.02.2023)",
    language = "english",
}

@online{ABAProblemWP,
    % title = "Википедия. Проблема АВА",
    % url = "https://ru.wikipedia.org/wiki/Проблема_ABA",
    title    = "ABA Problem",
    url      = "https://en.wikipedia.org/wiki/ABA_problem",
    addendum = "(Дата обращения: 12.02.2023)",
    language = "english",
}

@online{ActorModelWP,
    % title = "Википедия. Модель акторов",
    % url = "https://ru.wikipedia.org/wiki/Модель_акторов",
    title    = "Actor model",
    url      = "https://en.wikipedia.org/wiki/Actor_model",
    addendum = "(Дата обращения: 12.02.2023)",
    language = "english",
}

@online{LockFreeHabr,
    title    = "Lock-free структуры данных. Очередной трактат",
    url      = "https://habr.com/ru/post/219201/",
    addendum = "(Дата обращения: 12.02.2023)",
    language = "russian",
}

@online{FalseSharingHabr,
    title    = "False sharing в многопоточном приложении на Java",
    url      = "https://habr.com/ru/post/187752/",
    addendum = "(Дата обращения: 12.02.2023)",
    language = "russian",
}

@online{CudaSyncHabr,
    title    = "CUDA: синхронизация блоков",
    url      = "https://habr.com/ru/articles/151897/",
    addendum = "(Дата обращения: 12.02.2023)",
    language = "russian",
}

@online{LoadLinkStoreConditionalWP,
    title    = "Load-link/store-conditional",
    url      = "https://en.wikipedia.org/wiki/Load-link/store-conditional",
    addendum = "(Дата обращения: 12.02.2023)",
    language = "english",
}

@online{ConcurrentDataStructures,
    title    = "Concurrent Data Structures (libcds)",
    url      = "http://libcds.sourceforge.net/",
    addendum = "(Дата обращения: 12.02.2023)",
    language = "english",
}

@online{MichaelScottQueue,
    title    = "Очередь Майкла и Скотта",
    % url = "https://neerc.ifmo.ru/wiki/index.php?title=Очередь_Майкла_и_Скотта",
    addendum = "URL: \href{https://neerc.ifmo.ru/wiki/index.php?title=Очередь_Майкла_и_Скотта}{https://neerc. \\ ifmo.ru/wiki/index.php?title=Очередь\_Майкла\_и\_Скотта} --- (Дата обращения: 12.02.2023)",
    language = "russian",
}

@book{BaerBarlou1985,
    author    = "Баер, Ж.-Л. and Барлоу, Р. and Вудворд, М.",
    title     = "Системы параллельной обработки",
    address   = "Москва",
    publisher = "Мир",
    year      = "1985",
    pagetotal = "416",
    language  = "russian",
}

@book{Valyah1985,
    author     = "Валях, Е.",
    title      = "Последовательно-параллельные вычисления",
    translator = "Николаева, И. А. and Степанова, А. М.",
    address    = "Москва",
    publisher  = "Мир",
    year       = "1985",
    pagetotal = "456",
    language   = "russian",
}

@book{Voevodin2002,
    author    = "Воеводин, В. В. and Воеводин, Вл. В.",
    title     = "Параллельные вычисления",
    address   = "Санкт-Петербург",
    publisher = "БХВ Петербург",
    year      = "2002",
    pagetotal = "608",
    language  = "russian",
}

@article{Krasnov2002,
    author     = {Краснов, М. М. and Феодоритова, О. Б.},
    title      = {Применение библиотеки функционального программирования для распараллеливания вычислений на графических ускорителях с технологией CUDA},
    type       = {Препринты ИПМ им. М.В.Келдыша},
    booktitle  = {Препринты ИПМ им. М.В.Келдыша},
    number     = {51},
    journal    = {Препринты ИПМ им. М.В.Келдыша},
    address    = {Москва},
    publisher  = {ИПМ им. М.В.Келдыша},
    year       = {2022},
    pages      = {1--36},
    language   = "russian",
}

@article {Galiakhmetova2019,
    author   = {Галиахметова, К. Р.},
    title    = {Экспериментальное исследование показателей эффективности параллельного алгоритма с помощью технологии OPENMP},
    journal  = {Вестник студенческого научного общества ГОУ ВПО "Донецкий национальный университет"},
    year     = {2019},
    volume   = {1},
    number   = {11},
    pages    = {108--112},
    language = {russian},
}

@book{Gergel2016,
    author    = "В. П. Гергель",
    title     = "Теория и практика параллельных вычислений: учебное пособие",
    edition   = "2",
    address   = "Москва",
    publisher = "ИНТУИТ",
    year      = "2016",
    pagetotal = "500",
    language = "russian",
    isbn = "978-5-94774-645-7"
}

@book{Gergel2009,
    author    = "В. П. Гергель",
    title     = "Технологии построения и использования кластерных систем: учебное пособие",
    % url       = "https://biblioclub.ru/index.php?page=book&id=233768",
    year      = "2009",
    pagetotal = "470",
    address   = "Москва",
    publisher = "ИНТУИТ",
    language  = "russian",
}

@book{DenisenkoSatanin2012,
    author    = "Марина Валерьевна Денисенко and Аркадий Михайлович Сатанин",
    title     = "Применение гетерогенных вычислительных систем и технологии CUDA для моделирования физических процессов: электронное учебно-методическое пособие",
    address   = "Нижний Новгород",
    publisher = "Нижегородский госуниверситет",
    year      = "2012",
    pagetotal = "53",
    language  = "russian"
}

@book{Martyshkin2014,
    author    = "Алексей Иванович Мартышкин",
    title     = "Современные высокопроизводительные вычислительные системы. Конспект лекций для студентов специальности 230100.62 дневной, вечерней и заочной форм обучения : учебное пособие",
    address   = "Пенза",
    publisher = "ПензГТУ",
    year      = "2014",
    pagetotal = "204",
    language  = "russian"
}

@online{Ryazanova2018,
    author   = "Александра Евгеньевна Рязанова",
    title    = "Разработка многопроцессорной системы на кристалле на основе софт-процессорных ядер mipsFPGA",
    url      = "https://www.hse.ru/edu/vkr/219261231",
    addendum = "(Дата обращения: 13.01.2023)",
    language = "russian",
    publisher = "МИЭМ НИУ ВШЭ"
}

@book{Rutsh2011,
    author    = "Г. Рутш and М. Фатика",
    title     = "CUDA Fortran для инженеров и научных работников. Рекомендации по эффективному программированию на языке CUDA Fortran",
    address   = "Москва",
    publisher = "ДМК Пресс",
    year      = "2014",
    pagetotal = "364",
    language  = "russian",
    ISBN      = "978-5-97060-065-8"
}

@online{AutoParInGCC,
    title    = "Automatic parallelization in GCC",
    url      = "https://gcc.gnu.org/wiki/AutoParInGCC",
    addendum = "(Дата обращения: 12.02.2023)",
    language = "english",
}

@online{PThreadsHabr,
    title   = "Pthreads: Потоки в русле POSIX",
    url     = "https://habr.com/ru/articles/326138/",
    addendum = "(Дата обращения: 12.02.2023)",
    language = "russian",
}

@online{PThreadsLibs,
    title    = "POSIX thread (pthread) libraries",
    url      = "https://www.cs.cmu.edu/afs/cs/academic/class/15492-f07/www/pthreads.html",
    addendum = "(Дата обращения: 12.02.2023)",
    language = "english",
}

@online{IntelAmplifier,
    title    = "Intel Parallel Amplifier – профилировщик многопоточных приложений",
    url      = "https://www.ixbt.com/soft/intel-parallel-amplifier.shtml",
    addendum = "(Дата обращения: 12.02.2023)",
    language = "russian",
}

@online{IppPrimitives,
    title    = "Intel Integrated Performance Primitives Developer Reference",
    url      = "https://www.intel.com/content/www/us/en/docs/ipp/developer-reference/2021-8/overview.html",
    addendum = "(Дата обращения: 12.02.2023)",
    language = "english",
}

@online{CudaDeviceProp,
    title    = "CUDA Toolkit Documentation: cudaDeviceProp Struct Reference",
    url      = "https://docs.nvidia.com/cuda/cuda-runtime-api/structcudaDeviceProp.html",
    addendum = "(Дата обращения: 12.02.2023)",
    language = "english",
}